<?xml version="1.0" encoding="utf-8"?>
<record xmlns="http://www.loc.gov/MARC21/slim" xmlns:xsi="http://www.w3.org/2001/XMLSchema-instance" xsi:schemaLocation="http://www.loc.gov/MARC21/slim http://www.loc.gov/standards/marcxml/schema/MARC21slim.xsd">
	<leader>     nam a22        4500</leader>
	<controlfield tag="001">2754707</controlfield>
	<controlfield tag="003">NjP</controlfield>
	<controlfield tag="006">m        d        </controlfield>
	<controlfield tag="007">cr cn |||m|||a</controlfield>
	<controlfield tag="008">160803s1960    sy      o     000 0barard</controlfield>
	<datafield ind1=" " ind2=" " tag="040">
		<subfield code="a">NNU</subfield>
		<subfield code="b">eng</subfield>
		<subfield code="e">rda</subfield>
		<subfield code="c">NNU</subfield>
	</datafield>
	<datafield ind1=" " ind2="4" tag="050">
		<subfield code="a">PJ7862.H15</subfield>
		<subfield code="b">Z75</subfield>
	</datafield>
	<datafield ind1="1" ind2=" " tag="100">
		<subfield code="6">880-01</subfield>
		<subfield code="a">Baḥrī, Muṣṭafá al-Ḥabīb,</subfield>
		<subfield code="d">1932-</subfield>
	</datafield>
	<datafield ind1="1" ind2="3" tag="245">
		<subfield code="6">880-02</subfield>
		<subfield code="a">Al-Shābbī, al-nabī al-majhūl.</subfield>
	</datafield>
	<datafield ind1=" " ind2=" " tag="260">
		<subfield code="6">880-03</subfield>
		<subfield code="a">[Damascus] :</subfield>
		<subfield code="b">Dār al-Yaqẓah al-ʻArabīyah,</subfield>
		<subfield code="c">[1960]</subfield>
	</datafield>
	<datafield ind1=" " ind2=" " tag="300">
		<subfield code="a">online resource (93 pages.)</subfield>
	</datafield>
	<datafield ind1=" " ind2=" " tag="336">
		<subfield code="a">text</subfield>
		<subfield code="2">rdacontent</subfield>
	</datafield>
	<datafield ind1=" " ind2=" " tag="337">
		<subfield code="a">computer</subfield>
		<subfield code="2">rdamedia</subfield>
	</datafield>
	<datafield ind1=" " ind2=" " tag="338">
		<subfield code="a">online resource</subfield>
		<subfield code="2">rdacarrier</subfield>
	</datafield>
	<datafield ind1="1" ind2=" " tag="490">
		<subfield code="a">Syria. al-Thaqāfah wa-al-Irshād al-Qawmī, Wizārat. Mudīrīyat al-Taʼlīf wa-al-tarjamah. Silsilat al-thaqāfah al-shaʻbīyah ;</subfield>
		<subfield code="v">1</subfield>
	</datafield>
	<datafield ind1=" " ind2=" " tag="500">
		<subfield code="a">Part of the Arabic Collections Online (ACO) project, contributed by Princeton University Libraries.</subfield>
	</datafield>
	<datafield ind1=" " ind2=" " tag="533">
		<subfield code="a">Electronic reproduction.</subfield>
		<subfield code="b">New York, N.Y. :</subfield>
		<subfield code="c">New York University,</subfield>
		<subfield code="d">2016.</subfield>
		<subfield code="5">NNU</subfield>
	</datafield>
	<datafield ind1="1" ind2="0" tag="600">
		<subfield code="6">880-04</subfield>
		<subfield code="a">Shābbī, Abū al-Qāsim.</subfield>
	</datafield>
	<datafield ind1="1" ind2="7" tag="600">
		<subfield code="a">Shābbī, Abū al-Qāsim.</subfield>
		<subfield code="2">fast</subfield>
		<subfield code="0">(OCoLC)fst00123600</subfield>
	</datafield>
	<datafield ind1="2" ind2=" " tag="710">
		<subfield code="a">Princeton University.</subfield>
		<subfield code="b">Library.</subfield>
	</datafield>
	<datafield ind1="0" ind2=" " tag="730">
		<subfield code="a">Arabic Collections Online.</subfield>
	</datafield>
	<datafield ind1="0" ind2="8" tag="776">
		<subfield code="i">Print version:</subfield>
		<subfield code="a">Baḥrī, Muṣṭafá al-Ḥabīb, 1932-</subfield>
		<subfield code="t">Al-Shābbī, al-nabī al-majhūl</subfield>
		<subfield code="w">(NjP)2754707</subfield>
		<subfield code="w">(OCoLC)18759887</subfield>
	</datafield>
	<datafield ind1="1" ind2=" " tag="810">
		<subfield code="a">Syria.</subfield>
		<subfield code="b">al-Thaqāfah wa-al-Irshād al-Qawmī, Wizārat.</subfield>
		<subfield code="b">Mudīrīyat al-Taʼlīf wa-al-tarjamah.</subfield>
		<subfield code="t">Silsilat al-thaqāfah al-shaʻbīyah ;</subfield>
		<subfield code="v">1.</subfield>
	</datafield>
	<datafield ind1="4" ind2="0" tag="856">
		<subfield code="u">http://hdl.handle.net/2333.1/3bk3jf73</subfield>
	</datafield>
	<datafield ind1="1" ind2=" " tag="880">
		<subfield code="6">100-01/r</subfield>
		<subfield code="a">بحري، مصطفى الحبيب.</subfield>
	</datafield>
	<datafield ind1="1" ind2="2" tag="880">
		<subfield code="6">245-02/r</subfield>
		<subfield code="a">الشابي النبي المجهول /</subfield>
		<subfield code="c">تأليف مصطفى الحبيب بحري.</subfield>
	</datafield>
	<datafield ind1=" " ind2=" " tag="880">
		<subfield code="6">260-03/r</subfield>
		<subfield code="a">[دمشق] :</subfield>
		<subfield code="b">دار اليقظة العربية،</subfield>
		<subfield code="c">[1960]</subfield>
	</datafield>
	<datafield ind1="0" ind2=" " tag="880">
		<subfield code="6">490-00/r</subfield>
		<subfield code="a">سلسلة الثقافة الشعبية ؛</subfield>
		<subfield code="v">1</subfield>
	</datafield>
	<datafield ind1="1" ind2=" " tag="880">
		<subfield code="6">490-00/r</subfield>
		<subfield code="a">سلسلة الثقافة الشعبية ؛</subfield>
		<subfield code="v">1</subfield>
	</datafield>
	<datafield ind1="1" ind2="4" tag="880">
		<subfield code="6">600-04/r</subfield>
		<subfield code="a">شابي، أبو القاسم.</subfield>
	</datafield>
	<datafield ind1=" " ind2="0" tag="880">
		<subfield code="6">830-00/r</subfield>
		<subfield code="a">سلسلة الثقافة الشعبية ؛ ;</subfield>
		<subfield code="v">1.</subfield>
	</datafield>
	<datafield ind1=" " ind2=" " tag="959">
		<subfield code="a">NNU</subfield>
		<subfield code="b">WEB</subfield>
		<subfield code="c">GENI</subfield>
		<subfield code="t">0</subfield>
		<subfield code="m">Electronic access</subfield>
		<subfield code="s">01</subfield>
	</datafield>
	<datafield ind1=" " ind2=" " tag="999">
		<subfield code="i">NjP_2754707</subfield>
		<subfield code="o">(OCoLC)ocm18759887 </subfield>
		<subfield code="s">princeton_aco000411</subfield>
		<subfield code="e">(ERROR-880)</subfield>
	</datafield>
</record>
